<record><leader>00000cas a22000007a 4500</leader><controlfield tag="001">14562824</controlfield><controlfield tag="008">861029d18851903pauwr ne      0    0eng d</controlfield><datafield ind1=" " ind2=" " tag="010"><subfield code="a">sn 86083313 </subfield></datafield><datafield ind1=" " ind2=" " tag="040"><subfield code="a">NPH</subfield><subfield code="b">eng</subfield><subfield code="c">NPH</subfield><subfield code="d">OCLCQ</subfield></datafield><datafield ind1=" " ind2=" " tag="042"><subfield code="a">msc</subfield></datafield><datafield ind1="0" ind2=" " tag="130"><subfield code="a">Sunday morning leader (Wilkes-Barre, Pa.)</subfield></datafield><datafield ind1="1" ind2="0" tag="245"><subfield code="a">Sunday morning leader.</subfield></datafield><datafield ind1=" " ind2=" " tag="260"><subfield code="a">Wilkes-Barre, Pa. :</subfield><subfield code="b">E.F. Bogert &amp; John S. McGroarts,</subfield><subfield code="c">1885-1903.</subfield></datafield><datafield ind1=" " ind2=" " tag="300"><subfield code="a">v. :</subfield><subfield code="b">ill.</subfield></datafield><datafield ind1=" " ind2=" " tag="310"><subfield code="a">Weekly</subfield></datafield><datafield ind1="0" ind2=" " tag="362"><subfield code="a">Vol. 1, no. 1 (Nov. 22, 1885)-v. 18, no. 10 (Jan. 25, 1903).</subfield></datafield><datafield ind1=" " ind2=" " tag="580"><subfield code="a">Also issued in daily editions called: Evening leader (Wilkes-Barre, Pa.), Jan. 1885-July 13, 1898; Wilkes-Barre leader, July 14, 1898-Jan. 25, 1903.</subfield></datafield><datafield ind1=" " ind2=" " tag="752"><subfield code="a">United States</subfield><subfield code="b">Pennsylvania</subfield><subfield code="c">Luzerne</subfield><subfield code="d">Wilkes-Barre.</subfield></datafield><datafield ind1="1" ind2=" " tag="775"><subfield code="t">Evening leader (Wilkes-Barre, Pa.)</subfield><subfield code="w">(DLC)sn 86082059</subfield></datafield><datafield ind1="1" ind2=" " tag="775"><subfield code="t">Wilkes-Barre leader</subfield><subfield code="w">(DLC)sn 86083415</subfield></datafield><datafield ind1="0" ind2="0" tag="785"><subfield code="t">Sunday leader (Wilkes-Barre, Pa.)</subfield><subfield code="w">(DLC)sn 86083312</subfield></datafield></record>